@book{CoB:05,
    author    = "Constantine A. Balanis",
    title     = "Antenna Theory: Analysis and Design",
    year      = "2005",
    publisher = "Wiley-Interscience",
}

@book{NoK:05,
    author    = "Noyan Kinayman",
    title     = "Modern Microwave Circuits",
    year      = "2005",
    publisher = "Artech House",
}

@electronic{AkS,
  author      = "Prof. M J Akhtar and Prof. K V Srivastava",
  title       = "Find the change in characteristics impedance and reflection coefficients of the transmission line by changing the dielectric properties of materials embedded between two conductors",
  url         = "http://www.iitk.ac.in/mimt_lab/vlab/reflection_coefficients/theory1.html",
}

@electronic{AtT,
  author      = "antenna-theory.com",
  title       = "{Microstrip (Patch) Antennas}, Introduction to Patch Antennas",
  url         = "http://www.antenna-theory.com/antennas/patches/antenna.php",
}


%%%%%%%%%%% CVX %%%%%%%%%%%%%%%%%%%%%%%%%%%%%%%
@misc{GrB:08,
	title={{CVX}: Matlab software for disciplined convex programming (web page and software)},
	author={M. Grant and S. Boyd},
	howpublished = {\texttt{http://stanford.edu/\~{}boyd/cvx}},
	month = {August},
	year = {2008}
}
@incollection{GrB:08b,
  title={Graph Implementations for Nonsmooth Convex Programs},
  author={M. Grant and S. Boyd},
  editor={V. Blondel and S. Boyd and H. Kimura}, 
  booktitle={Recent Advances in Learning and Control (a tribute to M. Vidyasagar)},
  year={2008},
  publisher={Springer Verlag},
}
@techreport{
 DRV:04,
 author={J. Dahl and V. Roychowdhury and L. Vandenberghe}, 
 title={Maximum-likelihood estimation of multivariate normal graphical
    models: large-scale numerical implementation and topology selection},
 institution={Electrical Engineering Department, UCLA},
 year=2005 
}
@conference{JiY:09,
  title={{An accelerated gradient method for trace norm minimization}},
  author={S. Ji, S. and J. Ye},
  booktitle={Proceedings of the 26th Annual International Conference on Machine Learning},
  pages={457--464},
  year={2009}
}

